@article{ref_01,
  title={A comprehensive review on iris image-based biometric system},
  author={Winston, J Jenkin and Hemanth, D Jude},
  journal={Soft Computing},
  volume={23},
  number={19},
  pages={9361--9384},
  year={2019},
  publisher={Springer}
}
@article{ref_02,
  title={Second-Order Statistical Methods GLCM for Authentication Systems},
  author={Taha, M and Ahmed, H},
  journal={Iraqi Journal for Electrical and Electronic Engineering},
  volume={17},
  number={1},
  pages={1--6},
  year={2021}
}
@book{ref_03,
  title={Hands-on machine learning with Scikit-Learn, Keras, and TensorFlow: Concepts, tools, and techniques to build intelligent systems},
  author={G{\'e}ron, Aur{\'e}lien},
  year={2019},
  publisher={" O'Reilly Media, Inc."}
}