@book{ref_1,
  	author = {G{\'e}ron, Aur{\'e}lien},
  	isbn = {978-1491962299},
  	publisher = {O'Reilly Media, Inc.},
  	title = {Hands-on machine learning with Scikit-Learn, Keras, and TensorFlow: Concepts, tools, and techniques to build intelligent systems},
  	year = 2019
}
@misc{ref_2, title={MMU Iris dataset}, howpublished="\url{https://www.kaggle.com/naureenmohammad/mmu-iris-dataset}", journal={Kaggle}, author={193070017}, year={2020}, month={Jul}
}
@inproceedings{ref_3,
  title={The Biometrics System Based on Iris Image Processing: A Review},
  author={Khoirunnisaa, Alfi Zuhriya and Hakim, Lutfi and Wibawa, Adhi Dharma},
  booktitle={2019 2nd International Conference of Computer and Informatics Engineering (IC2IE)},
  pages={164--169},
  year={2019},
  organization={IEEE}
}
@article{ref_4,
 title = {scikit-image: image processing in {P}ython},
 author = {van der Walt, {S}t\'efan and {S}ch\"onberger, {J}ohannes {L}. and
           {Nunez-Iglesias}, {J}uan and {B}oulogne, {F}ran\c{c}ois and {W}arner,
           {J}oshua {D}. and {Y}ager, {N}eil and {G}ouillart, {E}mmanuelle and
           {Y}u, {T}ony and the scikit-image contributors},
 year = {2014},
 month = {6},
 keywords = {Image processing, Reproducible research, Education,
             Visualization, Open source, Python, Scientific programming},
 volume = {2},
 pages = {e453},
 journal = {PeerJ},
 issn = {2167-8359},
 url = {https://doi.org/10.7717/peerj.453},
 doi = {10.7717/peerj.453}
}
@article{ref_5,
  title={Second-Order Statistical Methods GLCM for Authentication Systems},
  author={Taha, M and Ahmed, H},
  journal={Iraqi Journal for Electrical and Electronic Engineering},
  volume={17},
  number={1},
  pages={1--6},
  year={2021}
}